
@inproceedings{pmlr-v54-mcmahan17a,
  title = {Communication-Efficient Learning of Deep Networks from Decentralized Data},
  booktitle = {Proceedings of the 20th International Conference on Artificial Intelligence and Statistics},
  author = {McMahan, Brendan and Moore, Eider and Ramage, Daniel and Hampson, Seth and y Arcas, Blaise Aguera},
  year = {2017},
  month = apr,
  pages = {1273--1282},
  publisher = {PMLR},
  issn = {2640-3498},
  urldate = {2023-11-30},
  langid = {english}
}

@article{voigt2017eu,
  title={The eu general data protection regulation (gdpr)},
  author={Voigt, Paul and Von dem Bussche, Axel},
  journal={A Practical Guide, 1st Ed., Cham: Springer International Publishing},
  volume={10},
  number={3152676},
  pages={10--5555},
  year={2017},
  publisher={Springer}
}

@article{hinton2015distilling,
  title={Distilling the knowledge in a neural network},
  author={Hinton, Geoffrey and Vinyals, Oriol and Dean, Jeff},
  journal={arXiv preprint arXiv:1503.02531},
  year={2015}
}

@inproceedings{tran2019federated,
  title = {Federated Learning over Wireless Networks: Optimization Model Design and Analysis},
  shorttitle = {Federated Learning over Wireless Networks},
  booktitle = {IEEE INFOCOM 2019 - IEEE Conference on Computer Communications},
  author = {Tran, Nguyen H. and Bao, Wei and Zomaya, Albert and Nguyen, Minh N. H. and Hong, Choong Seon},
  date = {2019-04},
  pages = {1387--1395},
  issn = {2641-9874},
  doi = {10.1109/INFOCOM.2019.8737464},
  urldate = {2023-12-14},
  eventtitle = {IEEE INFOCOM 2019 - IEEE Conference on Computer Communications}
}

@article{zhang2022adaptivea,
  title = {Adaptive Federated Learning on Non-IID Data With Resource Constraint},
  author = {Zhang, Jie and Guo, Song and Qu, Zhihao and Zeng, Deze and Zhan, Yufeng and Liu, Qifeng and Akerkar, Rajendra},
  date = {2022-07},
  journaltitle = {IEEE Transactions on Computers},
  volume = {71},
  number = {7},
  pages = {1655--1667},
  issn = {1557-9956},
  doi = {10.1109/TC.2021.3099723},
  urldate = {2023-12-14},
  eventtitle = {IEEE Transactions on Computers}
}

% 高引用，哦哦哦，就是FedProx
@article{li2020federateda,
  title = {Federated Optimization in Heterogeneous Networks},
  author = {Li, Tian and Sahu, Anit Kumar and Zaheer, Manzil and Sanjabi, Maziar and Talwalkar, Ameet and Smith, Virginia},
  date = {2020-03-15},
  journaltitle = {Proceedings of Machine Learning and Systems},
  volume = {2},
  pages = {429--450},
  urldate = {2023-12-14},
  langid = {english}
}

@article{zhang2021edge,
  title = {Edge Learning: The Enabling Technology for Distributed Big Data Analytics in the Edge},
  shorttitle = {Edge Learning},
  author = {Zhang, Jie and Qu, Zhihao and Chen, Chenxi and Wang, Haozhao and Zhan, Yufeng and Ye, Baoliu and Guo, Song},
  date = {2021-07-18},
  journaltitle = {ACM Computing Surveys},
  shortjournal = {ACM Comput. Surv.},
  volume = {54},
  number = {7},
  pages = {151:1--151:36},
  issn = {0360-0300},
  urldate = {2023-12-14}
}

@article{zhao2018federated,
  title={Federated learning with non-iid data},
  author={Zhao, Yue and Li, Meng and Lai, Liangzhen and Suda, Naveen and Civin, Damon and Chandra, Vikas},
  journal={arXiv preprint arXiv:1806.00582},
  year={2018}
}

@inproceedings{hsieh2020noniid,
  title = {The Non-IID Data Quagmire of Decentralized Machine Learning},
  booktitle = {Proceedings of the 37th International Conference on Machine Learning},
  author = {Hsieh, Kevin and Phanishayee, Amar and Mutlu, Onur and Gibbons, Phillip},
  date = {2020-11-21},
  pages = {4387--4398},
  publisher = {PMLR},
  issn = {2640-3498},
  urldate = {2023-12-14},
  eventtitle = {International Conference on Machine Learning},
  langid = {english}
}

@inproceedings{hanzely2020lower,
  title = {Lower Bounds and Optimal Algorithms for Personalized Federated Learning},
  booktitle = {Advances in Neural Information Processing Systems},
  author = {Hanzely, Filip and Hanzely, Slavomír and Horváth, Samuel and Richtarik, Peter},
  date = {2020},
  volume = {33},
  pages = {2304--2315},
  publisher = {Curran Associates, Inc.},
  urldate = {2023-12-14}
}

@inproceedings{kulkarni2020survey,
  title={Survey of personalization techniques for federated learning},
  author={Kulkarni, Viraj and Kulkarni, Milind and Pant, Aniruddha},
  booktitle={2020 Fourth World Conference on Smart Trends in Systems, Security and Sustainability (WorldS4)},
  pages={794--797},
  year={2020},
  organization={IEEE}
}

@inproceedings{fallah2020personalizeda,
  title = {Personalized Federated Learning with Theoretical Guarantees: A Model-Agnostic Meta-Learning Approach},
  shorttitle = {Personalized Federated Learning with Theoretical Guarantees},
  booktitle = {Advances in Neural Information Processing Systems},
  author = {Fallah, Alireza and Mokhtari, Aryan and Ozdaglar, Asuman},
  date = {2020},
  volume = {33},
  pages = {3557--3568},
  publisher = {Curran Associates, Inc.},
  urldate = {2023-12-14}
}

@inproceedings{li2021ditto,
  title = {Ditto: Fair and Robust Federated Learning Through Personalization},
  shorttitle = {Ditto},
  booktitle = {Proceedings of the 38th International Conference on Machine Learning},
  author = {Li, Tian and Hu, Shengyuan and Beirami, Ahmad and Smith, Virginia},
  date = {2021-07-01},
  pages = {6357--6368},
  publisher = {PMLR},
  issn = {2640-3498},
  urldate = {2023-12-14},
  eventtitle = {International Conference on Machine Learning},
  langid = {english}
}

@article{tan2023personalized,
  title = {Towards Personalized Federated Learning},
  author = {Tan, Alysa Ziying and Yu, Han and Cui, Lizhen and Yang, Qiang},
  date = {2023-12},
  journaltitle = {IEEE Transactions on Neural Networks and Learning Systems},
  volume = {34},
  number = {12},
  pages = {9587--9603},
  issn = {2162-2388},
  doi = {10.1109/TNNLS.2022.3160699},
  urldate = {2023-12-15},
  eventtitle = {IEEE Transactions on Neural Networks and Learning Systems}
}

@article{arivazhagan2019federated,
  title={Federated learning with personalization layers},
  author={Arivazhagan, Manoj Ghuhan and Aggarwal, Vinay and Singh, Aaditya Kumar and Choudhary, Sunav},
  journal={arXiv preprint arXiv:1912.00818},
  year={2019}
}

@article{wang2019federated,
  title={Federated evaluation of on-device personalization},
  author={Wang, Kangkang and Mathews, Rajiv and Kiddon, Chlo{\'e} and Eichner, Hubert and Beaufays, Fran{\c{c}}oise and Ramage, Daniel},
  journal={arXiv preprint arXiv:1910.10252},
  year={2019}
}

@inproceedings{dinh2020personalized,
  title = {Personalized Federated Learning with Moreau Envelopes},
  booktitle = {Advances in Neural Information Processing Systems},
  author = {T. Dinh, Canh and Tran, Nguyen and Nguyen, Josh},
  date = {2020},
  volume = {33},
  pages = {21394--21405},
  publisher = {Curran Associates, Inc.},
  urldate = {2023-12-15}
}

@article{huang2021personalized,
  title = {Personalized Cross-Silo Federated Learning on Non-IID Data},
  author = {Huang, Yutao and Chu, Lingyang and Zhou, Zirui and Wang, Lanjun and Liu, Jiangchuan and Pei, Jian and Zhang, Yong},
  date = {2021-05-18},
  journaltitle = {Proceedings of the AAAI Conference on Artificial Intelligence},
  shortjournal = {AAAI},
  volume = {35},
  number = {9},
  pages = {7865--7873},
  issn = {2374-3468, 2159-5399},
  doi = {10.1609/aaai.v35i9.16960},
  urldate = {2022-10-16},
  langid = {english}
}

@inproceedings{ghosh2020efficient,
  title = {An Efficient Framework for Clustered Federated Learning},
  booktitle = {Proceedings of the 34th International Conference on Neural Information Processing Systems},
  author = {Ghosh, Avishek and Chung, Jichan and Yin, Dong and Ramchandran, Kannan},
  date = {2020-12-06},
  series = {NIPS'20},
  pages = {19586--19597},
  publisher = {Curran Associates Inc.},
  location = {Red Hook, NY, USA},
  isbn = {978-1-71382-954-6}
}

@article{li2019fedmd,
  title={Fedmd: Heterogenous federated learning via model distillation},
  author={Li, Daliang and Wang, Junpu},
  journal={arXiv preprint arXiv:1910.03581},
  year={2019}
}

@inproceedings{lin2020ensemble,
  title = {Ensemble Distillation for Robust Model Fusion in Federated Learning},
  booktitle = {Advances in Neural Information Processing Systems},
  author = {Lin, Tao and Kong, Lingjing and Stich, Sebastian U and Jaggi, Martin},
  date = {2020},
  volume = {33},
  pages = {2351--2363},
  publisher = {Curran Associates, Inc.},
  urldate = {2023-12-16}
}

@inproceedings{zhu2021datafreea,
  title = {Data-Free Knowledge Distillation for Heterogeneous Federated Learning},
  booktitle = {Proceedings of the 38th International Conference on Machine Learning},
  author = {Zhu, Zhuangdi and Hong, Junyuan and Zhou, Jiayu},
  date = {2021-07-01},
  pages = {12878--12889},
  publisher = {PMLR},
  issn = {2640-3498},
  urldate = {2023-12-16},
  eventtitle = {International Conference on Machine Learning},
  langid = {english}
}

@inproceedings{zhang2021parameterized,
  title = {Parameterized Knowledge Transfer for Personalized Federated Learning},
  booktitle = {Advances in Neural Information Processing Systems},
  author = {Zhang, Jie and Guo, Song and Ma, Xiaosong and Wang, Haozhao and Xu, Wenchao and Wu, Feijie},
  date = {2021},
  volume = {34},
  pages = {10092--10104},
  publisher = {Curran Associates, Inc.},
  urldate = {2023-12-16}
}

@inproceedings{karimireddy2020scaffold,
  title = {SCAFFOLD: Stochastic Controlled Averaging for Federated Learning},
  shorttitle = {SCAFFOLD},
  booktitle = {Proceedings of the 37th International Conference on Machine Learning},
  author = {Karimireddy, Sai Praneeth and Kale, Satyen and Mohri, Mehryar and Reddi, Sashank and Stich, Sebastian and Suresh, Ananda Theertha},
  date = {2020-11-21},
  pages = {5132--5143},
  publisher = {PMLR},
  issn = {2640-3498},
  urldate = {2023-12-17},
  eventtitle = {International Conference on Machine Learning},
  langid = {english}
}

@inproceedings{zhang2022finetuningc,
  title = {Fine-Tuning Global Model via Data-Free Knowledge Distillation for Non-IID Federated Learning},
  booktitle = {2022 IEEE/CVF Conference on Computer Vision and Pattern Recognition (CVPR)},
  author = {Zhang, Lin and Shen, Li and Ding, Liang and Tao, Dacheng and Duan, Ling-Yu},
  date = {2022-06},
  pages = {10164--10173},
  publisher = {IEEE},
  location = {New Orleans, LA, USA},
  doi = {10.1109/CVPR52688.2022.00993},
  urldate = {2023-12-17},
  eventtitle = {2022 IEEE/CVF Conference on Computer Vision and Pattern Recognition (CVPR)},
  isbn = {978-1-66546-946-3},
  langid = {english}
}

@article{chang2019cronus,
  title={Cronus: Robust and heterogeneous collaborative learning with black-box knowledge transfer},
  author={Chang, Hongyan and Shwalkar, Virat and Shokri, Reza and Houmansadr, Amir},
  journal={arXiv preprint arXiv:1912.11279},
  year={2019}
}

@article{tan2022fedproto,
  title = {FedProto: Federated Prototype Learning across Heterogeneous Clients},
  shorttitle = {FedProto},
  author = {Tan, Yue and Long, Guodong and Liu, Lu and Zhou, Tianyi and Lu, Qinghua and Jiang, Jing and Zhang, Chengqi},
  date = {2022-06-28},
  journaltitle = {Proceedings of the AAAI Conference on Artificial Intelligence},
  volume = {36},
  number = {8},
  pages = {8432--8440},
  issn = {2374-3468},
  doi = {10.1609/aaai.v36i8.20819},
  urldate = {2023-12-18},
  issue = {8},
  langid = {english}
}

@article{anil2018large,
  title={Large scale distributed neural network training through online distillation},
  author={Anil, Rohan and Pereyra, Gabriel and Passos, Alexandre and Ormandi, Robert and Dahl, George E and Hinton, Geoffrey E},
  journal={arXiv preprint arXiv:1804.03235},
  year={2018}
}

@inproceedings{collins2021exploiting,
  title = {Exploiting Shared Representations for Personalized Federated Learning},
  booktitle = {Proceedings of the 38th International Conference on Machine Learning},
  author = {Collins, Liam and Hassani, Hamed and Mokhtari, Aryan and Shakkottai, Sanjay},
  date = {2021-07-01},
  pages = {2089--2099},
  publisher = {PMLR},
  issn = {2640-3498},
  urldate = {2023-12-19},
  eventtitle = {International Conference on Machine Learning},
  langid = {english}
}

@inproceedings{finn2017modelagnostic,
  title = {Model-Agnostic Meta-Learning for Fast Adaptation of Deep Networks},
  booktitle = {Proceedings of the 34th International Conference on Machine Learning},
  author = {Finn, Chelsea and Abbeel, Pieter and Levine, Sergey},
  date = {2017-07-17},
  pages = {1126--1135},
  publisher = {PMLR},
  issn = {2640-3498},
  urldate = {2023-12-19},
  eventtitle = {International Conference on Machine Learning},
  langid = {english}
}

@article{liang2020think,
  title={Think locally, act globally: Federated learning with local and global representations},
  author={Liang, Paul Pu and Liu, Terrance and Ziyin, Liu and Allen, Nicholas B and Auerbach, Randy P and Brent, David and Salakhutdinov, Ruslan and Morency, Louis-Philippe},
  journal={arXiv preprint arXiv:2001.01523},
  year={2020}
}

@article{kairouz2021advancesa,
  title = {Advances and Open Problems in Federated Learning},
  author = {Kairouz, Peter and McMahan, H. Brendan and Avent, Brendan and Bellet, Aurélien and Bennis, Mehdi and Bhagoji, Arjun Nitin and Bonawitz, Kallista and Charles, Zachary and Cormode, Graham and Cummings, Rachel and D’Oliveira, Rafael G. L. and Eichner, Hubert and Rouayheb, Salim El and Evans, David and Gardner, Josh and Garrett, Zachary and Gascón, Adrià and Ghazi, Badih and Gibbons, Phillip B. and Gruteser, Marco and Harchaoui, Zaid and He, Chaoyang and He, Lie and Huo, Zhouyuan and Hutchinson, Ben and Hsu, Justin and Jaggi, Martin and Javidi, Tara and Joshi, Gauri and Khodak, Mikhail and Konecný, Jakub and Korolova, Aleksandra and Koushanfar, Farinaz and Koyejo, Sanmi and Lepoint, Tancrède and Liu, Yang and Mittal, Prateek and Mohri, Mehryar and Nock, Richard and Özgür, Ayfer and Pagh, Rasmus and Qi, Hang and Ramage, Daniel and Raskar, Ramesh and Raykova, Mariana and Song, Dawn and Song, Weikang and Stich, Sebastian U. and Sun, Ziteng and Suresh, Ananda Theertha and Tramèr, Florian and Vepakomma, Praneeth and Wang, Jianyu and Xiong, Li and Xu, Zheng and Yang, Qiang and Yu, Felix X. and Yu, Han and Zhao, Sen},
  date = {2021-06-22},
  journaltitle = {Foundations and Trends® in Machine Learning},
  shortjournal = {MAL},
  volume = {14},
  number = {1–2},
  pages = {1--210},
  publisher = {Now Publishers, Inc.},
  issn = {1935-8237, 1935-8245},
  doi = {10.1561/2200000083},
  urldate = {2023-12-19},
  langid = {english}
}
